@book{arabic,
  title={Arabic Geometrical Pattern and Design},
  author={Bourgoin, J.},
  isbn={9780486155319},
  series={Dover Pictorial Archive},
  url={https://books.google.com/books?id=z6L8DuOLz44C},
  year={2012},
  publisher={Dover Publications}
}
